@article(sweco,
    author = {Eirik Hordnes},
    title = {Omlegging av lastetraktor fra diesel til batteridrift},
    year = {2022},
)

@misc(scib,
    author = {TOSHIBA CORPORATION},
    title = {Railways \& Boats: Railways and boats applications of SCiB},
    year = {2023},
    DOI = {https://www.global.toshiba/ww/products-solutions/battery/scib/cases/railway-ship.html}
)

@misc(pandaily,
    author = {Pandaily},
    title = {Chinese Firms Test Lithium Manganese Iron Phosphate Batteries},
    year = {2022},
    DOI = {https://pandaily.com/chinese-firms-test-lithium-manganese-iron-phosphate-batteries/}
)

@INPROCEEDINGS{mwabeleko,
  author={Mwambeleko, Joachim J. and Somsai, Kittaya and Kulworawanichpong, Thanatchai},
  booktitle={2016 IEEE/SICE International Symposium on System Integration (SII)}, 
  title={The potential of battery electric multiple units to replace diesel commuter trains and reduce fuel cost}, 
  year={2016},
  volume={},
  number={},
  pages={25-30},
  doi={10.1109/SII.2016.7843970}}


@Article{batteries7030051,
AUTHOR = {Tran, Manh-Kien and DaCosta, Andre and Mevawalla, Anosh and Panchal, Satyam and Fowler, Michael},
TITLE = {Comparative Study of Equivalent Circuit Models Performance in Four Common Lithium-Ion Batteries: LFP, NMC, LMO, NCA},
JOURNAL = {Batteries},
VOLUME = {7},
YEAR = {2021},
NUMBER = {3},
ARTICLE-NUMBER = {51},
URL = {https://www.mdpi.com/2313-0105/7/3/51},
ISSN = {2313-0105},
DOI = {10.3390/batteries7030051}
}

@Article{wevj6030572,
AUTHOR = {Brand, Martin and Gläser, Simon and Geder, Jan and Menacher, Stefan and Obpacher, Sebastian and Jossen, Andreas and Quinger, Daniel},
TITLE = {Electrical safety of commercial Li-ion cells based on NMC and NCA technology compared to LFP technology},
JOURNAL = {World Electric Vehicle Journal},
VOLUME = {6},
YEAR = {2013},
NUMBER = {3},
PAGES = {572--580},
URL = {https://www.mdpi.com/2032-6653/6/3/572},
ISSN = {2032-6653},
DOI = {10.3390/wevj6030572}
}






@article(tran_1,
    author = {Tran, M.K. and DaCoasta, A. and Mevawalla, A. and Panchal, S. and Fowler, M.},
    title = {The potential of battery electric multiple units to replace diesel commuter trains and reduce fuel cost},
    journal = {Lithium-Ion Batteries: Latest Advances and Prospects II},
    year = {2021},
    DOI = {https://www.mdpi.com/2313-0105/7/3/51}
)

@misc(samsung,
    author = {SAMSUNG SDI},
    title = {Smart Battery Systems for Energy Storage},
    year = {2016},
    DOI = {http://samsungsdi.com/upload/ess_brochure/SamsungSDI_ESS_EN.pdf}
)

@misc(2p12s,
    author = {TOSHIBA CORPORATION},
    title = {2P12S modules For industrial devices and stationary systems},
    year = {2023},
    DOI = {https://www.global.toshiba/ww/products-solutions/battery/scib/product/module/2p12s.html}
)

@misc{max,
    author = {Maxworld Technologies},
    title = {Lithium battery-- LFP Vs NMC},
    year = {2022},
    DOI = {https://www.maxworldpower.com/lithium-battery-lfp-vs-nmc/}
}

@article{vanzwol,
    author = {Jeffrey VanZwol},
    title = {How does temperature affect your choice of Lithium UPS Battery?},
    year = {2021},
    DOI = {https://www.datacenterdynamics.com/en/opinions/how-does-temperature-affect-your-choice-of-lithium-ups-battery/}
}

@article{toi,
    author = {Thorne, R. and Amundsen, A. H., and Sundvor, I.},
    title = {Battery Electric and Fuel Cell Trains},
    year = {2019},
    DOI = {https://www.toi.no/getfile.php?mmfileid=52027}
}

@misc{bn_1,
    author = {BaneNOR},
    title = {Elektrifisering av Trønder- og Meråkerbanen},
    year = {2023},
    DOI = {https://www.banenor.no/prosjekter/alle-prosjekter/elektrifisering-av-tronder-og-merakerbanen/}
}
@misc{bn_2,
    author = {BaneNOR},
    title = {Slik fungerer jernbanen},
    year = {2012},
    DOI = {https://banenor.brage.unit.no/banenor-xmlui/bitstream/handle/11250/154822/Slik20fungerer20jernbanen_2012.pdf?sequence=15&isAllowed=y}
}
@misc{bn_3,
    author = {BaneNOR},
    title = {Hva er returstrøm?},
    year = {2023},
    DOI = {https://www.banenor.no/nyheter-og-aktuelt/nyheter/2023/hva-er-returstrom/}
}

@misc{trv,
    author = {Teknisk Regelverk},
    title = {Lavspenning og 22 kV/Prosjektering/Togvarme},
    year = {2022},
    DOI = {https://trv.banenor.no/wiki/Lavspenning_og_22_kV/Prosjektering/Togvarme}
}

@misc{togvarme,
    author = {BaneNOR},
    title = {Togvarmeposter},
    year = {2023},
    DOI = {https://www.banenor.no/elkraft/togvarme/index.htm}
}

@misc{normallading,
    author = {Norsk elbilforening},
    title = {Normallading},
    year = {2023},
    DOI = {https://elbil.no/lade/lade-elbilen-pa-farta/normallading/}
}

@article(rme,
    author = {Meling and Fadum and Eilifsen and Grøtterud and Nordeng and Kallevik},
    title = {Driften av kraftsystemet 2020},
    year = {2021}
)

@article(rme,
    author = {Meling and Fadum and Eilifsen and Grøtterud and Nordeng and Kallevik},
    title = {Driften av kraftsystemet 2020},
    year = {2021}
)

@article{distro,
author = {Liao, Rih-Neng and Yang, Nien-Che},
title = {Evaluation of voltage imbalance on low-voltage distribution networks considering delta-connected distribution transformers with a symmetrical NGS},
journal = {IET Generation, Transmission \& Distribution},
volume = {12},
number = {7},
pages = {1644-1654},
year = {2018},
doi = {https://doi.org/10.1049/iet-gtd.2017.0631}
}



@article{einstein,
    author = "Albert Einstein",
    title = "{Zur Elektrodynamik bewegter K{\"o}rper}. ({German})
    [{On} the electrodynamics of moving bodies]",
    journal = "Annalen der Physik",
    volume = "322",
    number = "10",
    pages = "891--921",
    year = "1905",
    DOI = "http://dx.doi.org/10.1002/andp.19053221004",
    keywords = "physics"
}

@book{dirac,
    title = {The Principles of Quantum Mechanics},
    author = {Paul Adrien Maurice Dirac},
    isbn = {9780198520115},
    series = {International series of monographs on physics},
    year = {1981},
    publisher = {Clarendon Press},
    keywords = {physics}
}

@online{knuthwebsite,
    author = "Donald Knuth",
    title = "Knuth: Computers and Typesetting",
    url  = "http://www-cs-faculty.stanford.edu/~uno/abcde.html",
    addendum = "(accessed: 01.09.2016)",
    keywords = "latex,knuth"
}

@inbook{knuth-fa,
    author = "Donald E. Knuth",
    title = "Fundamental Algorithms",
    publisher = "Addison-Wesley",
    year = "1973",
    chapter = "1.2",
    keywords  = "knuth,programming"
}